@article{N08,
  author    = {S. Nakamoto},
  title     = {Bitcoin: A Peer-to-Peer Electronic Cash System},
  journal   = {Bitcoin.org},
  year      = {2008},
  note      = {Technical report}
}

@article{BPR,
  author    = {Binance},
  title     = {Proof of Reserves},
  journal   = {Binance},
  url       = {https://www.binance.com/en/proof-of-reserves}
}

@article{BPS,
  author    = {Binance},
  title     = {Proof of solvency},
  journal   = {Binance},
  url       = {https://gusty-radon-13b.notion.site/Proof-of-solvency-61414c3f7c1e46c5baec32b9491b2b3d}
}

@article{LZK,
  author    = {Boaz Barak},
  title     = {Lecture 14: Zero knowledge proofs},
  journal   = {Boaz Barak's Blog},
  url       = {https://www.boazbarak.org/cs127spring16/chap14_zero_knowledge.html}
}

@article{LC23,
  author    = {LCX Team},
  title     = {Introduction to Zero-Knowledge Proofs},
  journal   = {LCX},
  year      = {2023},
  month     = {November},
  day       = {3},
  url       = {https://www.lcx.com/introduction-to-zero-knowledge-proofs/}
}

@article{GMR89,
  author    = {Goldwasser, S. and Micali, S. and Rackoff, C.},
  title     = {The Knowledge Complexity of Interactive Proof Systems},
  journal   = {SIAM Journal on Computing},
  volume    = {18},
  number    = {1},
  pages     = {186–208},
  year      = {1989}
}

@article{BFM88,
  author    = {Blum, M. and Feldman, P. and Micali, S.},
  title     = {Non-Interactive Zero-Knowledge and Its Applications},
  booktitle = {STOC '88: Proceedings of the twentieth annual ACM symposium on Theory of computing},
  pages     = {103–112},
  year      = {1988}
}

@article{GMW91,
  author    = {Goldreich, O. and Micali, S. and Wigderson, A.},
  title     = {Interactive and Noninteractive Zero Knowledge are Equivalent in the Help Model?},
  booktitle = {STOC '91: Proceedings of the twenty-third annual ACM symposium on Theory of computing},
  pages     = {113–131},
  year      = {1991}
}


@misc{ZKM2,
  title        = {Zero Knowledge Proofs},
  howpublished = {MOOC},
  year         = {2023},
  url          = {https://zk-learning.org/},
  note         = {Dan Boneh, Shafi Goldwasser, Dawn Song, Justin Thaler, Yupeng Zhang},
  organization = {Stanford, UC Berkeley, UC Berkeley, Georgetown University, Texas A&M University},
  lecture = {2}
}


@misc{ZKM10,
  title        = {Zero Knowledge Proofs},
  howpublished = {MOOC},
  year         = {2023},
  url          = {https://zk-learning.org/},
  note         = {Dan Boneh, Shafi Goldwasser, Dawn Song, Justin Thaler, Yupeng Zhang},
  organization = {Stanford, UC Berkeley, UC Berkeley, Georgetown University, Texas A&M University},
  lecture = {10}
}



@article{NZ20,
  author    = {Nitulescu, Anca},
  title     = {zk-SNARKs: A Gentle Introduction},
  year      = {2020}
}

@article{DBBBCC15,
  author    = {Dagher, Gaby G. and Bunz, Benedikt and Bonneau, Joseph and Clark, Jeremy and Boneh, Dan},
  title     = {Provisions: Privacy-preserving proofs of solvency for Bitcoin exchanges},
  year      = {2015}
}

@article{chainlink_blog,
  author    = {Malkhi, Dahlia},
  title     = {Exploring Proof of Solvency and Liability Verification Systems},
  year      = {2023},
  url       = {https://blog.chain.link/proof-of-solvency/}
}

@article{CC22,
  author    = {Mazars},
  title     = {Proof of Reserve Report},
  year      = {2022},
  url       = {https://www.crypto.com/proof-of-reserve}
}

@article{KK23,
  author    = {Kraken},
  title     = {Proof of Reserves},
  url       = {https://www.kraken.com/proof-of-reserves}
}

@article{Nova23,
  author    = {Jim.ZK, zkLink Labs},
  title     = {Nova Studies I: Exploring Aggregation, Recursion, and Folding},
  journal   = {zkLinkBlog},
  year      = {2023},
  month     = {Nov},
  day       = {6},
  url       = {https://blog.zk.link/nova-studies-i-exploring-aggregation-recursion-and-folding-23b9a67000cd}
}

@article{TP24,
  author    = {Trace},
  title     = {The Proof Supply Chain},
  journal   = {Figment Capital},
  year      = {2024},
  month     = {January},
  day       = {16},
  url       = {https://figmentcapital.medium.com/the-proof-supply-chain-be6a6a884eff/}
}

@article{VR23,
  author    = {Veridise},
  title     = {Halo and Accumulation},
  journal   = {Veridise},
  year      = {2023},
  month     = {August},
  day       = {10},
  url       = {https://medium.com/veridise/intro-to-nova-zk-folding-schemes-halo-and-accumulation-fec7aeaa666f},
}

@article{BGH23,
  author    = {Sean Bowe and Jack Grigg and Daira Hopwood},
  title     = {Recursive Proof Composition without a Trusted Setup},
  journal   = {Electric Coin Company},
  year      = {2023},
  url       = {https://electriccoin.co/}
}

@article{VNF23,
  author    = {Veridise},
  title     = {Nova and Folding (1/2)},
  journal   = {Veridise},
  year      = {2023},
  month     = {September},
  day       = {14},
  url       = {URL of the article},
}

@article{ASI23,
  author    = {Abhiram Kothapalli and Srinath Setty and Ioanna Tzialla},
  title     = {Nova: Recursive Zero-Knowledge Arguments from Folding Schemes},
  institution = {Carnegie Mellon University, Microsoft Research, New York University},
  year      = {2021},
  url       = {https://eprint.iacr.org/2021/370.pdf}
}

@article{VRS23,
  author    = {Veridise},
  title     = {Recursive SNARKs and Incrementally Verifiable Computation (IVC) PART I: Recursive SNARKs and Incrementally Verifiable Computation},
  journal   = {Veridise},
  year      = {2023},
  month     = {July},
  day       = {27},
  url       = {https://medium.com/veridise/introduction-to-nova-and-zk-folding-schemes-4ef717574484},
}

@misc{FG23,
  title       = {An incomplete guide to Folding: Nova, Sangria, SuperNova, HyperNova, Protostar},
  author      = {Lisa A.},
  howpublished = {\url{https://taiko.mirror.xyz/tk8LoE-rC2w0MJ4wCWwaJwbq8-Ih8DXnLUf7aJX1FbU}},
  year        = {2023},
  month       = {August},
  day         = {10th},
  publisher   = {Taiko Labs},
}

@misc{ZKM3,
  title        = {Zero Knowledge Proofs},
  howpublished = {MOOC},
  year         = {2023},
  url          = {https://zk-learning.org/},
  note         = {Dan Boneh, Shafi Goldwasser, Dawn Song, Justin Thaler, Yupeng Zhang},
  organization = {Stanford, UC Berkeley, UC Berkeley, Georgetown University, Texas A&M University},
  lecture = {3}
}

@misc{BM22,
  title        = {Merkle Tree Proof of Reserves and Liabilities: Raising the Bar for Enhanced Transparency},
  author       = {Bake},
  url          = {https://blog.bake.io/merkle-tree-proof-of-reserves-and-liabilities/},
  month        = {Dec},
  year         = {2022},
  day          = {22}
}

@misc{GP21,
  title        = {Generalized Proof of Liabilities},
  author       = {Yan Ji and Konstantinos Chalkias},
  url          = {https://www.yji.me/publication/gpol/gpol.pdf},
  year         = {2021},
}

@misc{NS23,
  title        = {ZK10: Incremental Proof of Solvency with Nova},
  author       = {Enrico Bottazzi},
  howpublished = {Presentation at ZK10 Summit},
  year         = {2023},
  month        = {September 30},
  url          = {https://www.zksummit.com/},
  note         = {Video: \url{https://www.youtube.com/watch?v=sRAA1RYYHEs}}
}

@misc{MB17,
  title        = {Mastering Bitcoin: Unlocking Digital Cryptocurrencies},
  author       = {Andreas M. Antonopoulos},
  howpublished = {O'Reilly Media},
  year         = {2017},
  note         = {2nd edition},
  url          = {https://www.oreilly.com/library/view/mastering-bitcoin-2nd/9781491954379/}
}

@article{VB16,
  author    = {Vitalik Buterin},
  title     = {Quadratic Arithmetic Programs: From Zero to Hero},
  journal   = {Medium},
  year      = {2016},
  month     = {December},
  url       = {https://medium.com/@VitalikButerin/quadratic-arithmetic-programs
